@article{Pan2023UnifyingLL,
  title={Unifying {Large Language Models} and {Knowledge Graphs}: A Roadmap},
  author={Shirui Pan and Linhao Luo and Yufei Wang and Chen Chen and Jiapu Wang and Xindong Wu},
  journal={arXiv},
  year={2023},
  volume={abs/2306.08302},
  url={https://api.semanticscholar.org/CorpusID:259165563}
}

@inproceedings{saxena-etal-2020-improving,
    title = "Improving Multi-hop Question Answering over Knowledge Graphs using Knowledge Base Embeddings",
    author = "Apoorv Saxena and Aditay Tripathi and Partha Talukdar",
    booktitle = "Proceedings of the 58th Annual Meeting of the Association for Computational Linguistics",
    month = jul,
    year = "2020",
    address = "Online",
    publisher = "Association for Computational Linguistics",
    url = "https://aclanthology.org/2020.acl-main.412"
}

@misc{rao2022biomedical,
    title={Biomedical Multi-hop Question Answering Using Knowledge Graph Embeddings and Language Models}, 
    author={Dattaraj J. Rao and Shraddha S. Mane and Mukta A. Paliwal},
    year={2022},
    eprint={2211.05351},
    archivePrefix={arXiv},
    primaryClass={cs.AI}
}

@article{yang2015embedding,
    title={Embedding Entities and Relations for Learning and Inference in Knowledge Bases}, 
    author={Bishan Yang and Wen-tau Yih and Xiaodong He and Jianfeng Gao and Li Deng},
    year={2015},
    eprint={1412.6575},
    archivePrefix={arXiv},
    primaryClass={cs.CL}
}

@inproceedings{41864,
    title	= {Translating Embeddings for Modeling Multi-relational Data},
    author	= {Antoine Bordes and Nicolas Usunier and A. Garcia-Duran and Jason Weston and Oksana Yakhnenko},
    year	= {2013},
    booktitle	= {Neural Information Processing Systems}
}

@misc{sun2019rotate,
    title={RotatE: Knowledge Graph Embedding by Relational Rotation in Complex Space}, 
    author={Zhiqing Sun and Zhi-Hong Deng and Jian-Yun Nie and Jian Tang},
    year={2019},
    eprint={1902.10197},
    archivePrefix={arXiv},
    primaryClass={cs.LG}
}

@article{yang2015knowledge,
    author = {Min-Chul Yang and Do-Gil Lee and So-Young Park and Hae-Chang Rim},
    title = {Knowledge-based Question Answering Using the Semantic Embedding Space},
    journal = {Expert Systems with Applications},
    volume = {42},
    pages = {9086-9104},
    year = {2015},
    month = {12},
    doi = {10.1016/j.eswa.2015.07.009}
}

@inproceedings{bao2016constraint,
    title = {Constraint-Based Question Answering with Knowledge Graph},
    author = {Junwei Bao and Nan Duan and Zhao Yan and Ming Zhou and Tiejun Zhao},
    booktitle = {Proceedings of COLING 2016, the 26th International Conference on Computational Linguistics: Technical Papers},
    month = dec,
    year = {2016},
    address = {Osaka, Japan},
    publisher = {The COLING 2016 Organizing Committee},
    url = {https://aclanthology.org/C16-1236},
    pages = {2503--2514}
}

@misc{trouillon2016complex,
    title = {Complex Embeddings for Simple Link Prediction},
    author = {Théo Trouillon and Johannes Welbl and Sebastian Riedel and Éric Gaussier and Guillaume Bouchard},
    year = {2016},
    eprint = {1606.06357},
    archivePrefix = {arXiv},
    primaryClass = {cs.AI}
}


@inproceedings{bordes2013translating,
    title = {Translating Embeddings for Modeling Multi-relational Data},
    author = {Antoine Bordes and Nicolas Usunier and Alberto Garcia-Duran and Jason Weston and Oksana Yakhnenko},
    booktitle = {Advances in Neural Information Processing Systems},
    year = {2013}
}

@misc{sun2018open,
    title = {Open Domain Question Answering Using Early Fusion of Knowledge Bases and Text},
    author = {Haitian Sun and Bhuwan Dhingra and Manzil Zaheer and Kathryn Mazaitis and Ruslan Salakhutdinov and William W. Cohen},
    year = {2018},
    eprint = {1809.00782},
    archivePrefix = {arXiv},
    primaryClass = {cs.CL}
}

@misc{sun2019pullnet,
    title = {PullNet: Open Domain Question Answering with Iterative Retrieval on Knowledge Bases and Text},
    author = {Haitian Sun and Tania Bedrax-Weiss and William W. Cohen},
    year = {2019},
    eprint = {1904.09537},
    archivePrefix = {arXiv},
    primaryClass = {cs.CL}
}

@misc{madushanka2024negative,
    title = {Negative Sampling in Knowledge Graph Representation Learning: A Review},
    author = {Tiroshan Madushanka and Ryutaro Ichise},
    year = {2024},
    eprint = {2402.19195},
    archivePrefix = {arXiv},
    primaryClass = {cs.AI}
}

@misc{ganesan2024automated,
    title = {Automated Answer Validation using Text Similarity},
    author = {Balaji Ganesan and Arjun Ravikumar and Lakshay Piplani and Rini Bhaumurk and Dhivya Padmanaban and Shwetha Narasimhamurthy and Chetan Adhikary and Subhash Deshapogu},
    year = {2024},
    eprint = {2401.08688},
    archivePrefix = {arXiv},
    primaryClass = {cs.CL}
}

@inproceedings{yih2015semantic,
  title={Semantic Parsing for Single-Relation Question Answering},
  author={Wen-tau Yih and Ming-Wei Chang and Xiaodong He and Jianfeng Gao},
  booktitle={Proceedings of the 52nd Annual Meeting of the Association for Computational Linguistics},
  pages={643--648},
  year={2015},
  organization={Association for Computational Linguistics}
}

@article{zhang2017variational,
  author = {Zhang, Yuyu and Dai, Hanjun and Kozareva, Zornitsa and Smola, Alexander and Song, Le},
  title = {Variational Reasoning for Question Answering With Knowledge Graph},
  journal = {Proceedings of the AAAI Conference on Artificial Intelligence},
  volume = {32},
  year = {2017},
  month = {09},
  doi = {10.1609/aaai.v32i1.12057}
}

@article{Murtagh_2014,
   title={Ward’s Hierarchical Agglomerative Clustering Method: Which Algorithms Implement Ward’s Criterion?},
   volume={31},
   ISSN={1432-1343},
   url={http://dx.doi.org/10.1007/s00357-014-9161-z},
   DOI={10.1007/s00357-014-9161-z},
   number={3},
   journal={Journal of Classification},
   publisher={Springer Science and Business Media LLC},
   author={Murtagh, Fionn and Legendre, Pierre},
   year={2014},
   month=oct, pages={274–295} }